@INCOLLECTION{SeVa,
author = "P. {Selinger} and B. {Valiron}",
title = "Quantum Lambda Calculus",
booktitle = "Semantic Techniques in Quantum Computation",
editor = "S. {Gay} and I. {Mackie}",
publisher = "Cambridge University Press",
year = "2009",
pages = "135-172"
}


